<record><leader>00000cas a2200000 a 4500</leader><controlfield tag="001">12094208</controlfield><controlfield tag="008">850530d18721894nyuwr ne      0    0eng c</controlfield><datafield ind1=" " ind2=" " tag="010"><subfield code="a">sn 85026223 </subfield></datafield><datafield ind1=" " ind2=" " tag="040"><subfield code="a">NPX</subfield><subfield code="b">eng</subfield><subfield code="c">NPX</subfield><subfield code="d">NPY</subfield><subfield code="d">NPA</subfield><subfield code="d">UNP</subfield><subfield code="d">DLC</subfield><subfield code="d">NPH</subfield><subfield code="d">PPM</subfield><subfield code="d">NLG</subfield><subfield code="d">MFN</subfield><subfield code="d">NYS</subfield><subfield code="d">KNP</subfield><subfield code="d">CRL</subfield><subfield code="d">CNK</subfield><subfield code="d">MGN</subfield><subfield code="d">NVF</subfield><subfield code="d">FUG</subfield><subfield code="d">DCN</subfield><subfield code="d">OCL</subfield><subfield code="d">CVF</subfield><subfield code="d">NYS</subfield><subfield code="d">NVF</subfield><subfield code="d">NYS</subfield><subfield code="d">DLC</subfield><subfield code="d">OCLCG</subfield><subfield code="d">KRTAS</subfield><subfield code="d">OCLCQ</subfield><subfield code="d">OCLCF</subfield><subfield code="d">OCLCO</subfield></datafield><datafield ind1="1" ind2=" " tag="029"><subfield code="a">AU@</subfield><subfield code="b">000025907574</subfield></datafield><datafield ind1=" " ind2=" " tag="042"><subfield code="a">pcc</subfield></datafield><datafield ind1=" " ind2=" " tag="043"><subfield code="a">n-us-ny</subfield></datafield><datafield ind1="0" ind2="0" tag="050"><subfield code="a">Newspaper 8829-X</subfield></datafield><datafield ind1="0" ind2=" " tag="130"><subfield code="a">Weekly sun (New York, N.Y. : 1872)</subfield></datafield><datafield ind1="1" ind2="4" tag="245"><subfield code="a">The weekly sun.</subfield></datafield><datafield ind1="1" ind2="3" tag="246"><subfield code="a">Dollar weekly sun</subfield></datafield><datafield ind1=" " ind2=" " tag="260"><subfield code="a">New York [N.Y. :</subfield><subfield code="b">s.n.],</subfield><subfield code="c">1872-</subfield></datafield><datafield ind1=" " ind2=" " tag="300"><subfield code="a">v.</subfield></datafield><datafield ind1=" " ind2=" " tag="310"><subfield code="a">Weekly</subfield></datafield><datafield ind1="1" ind2=" " tag="362"><subfield code="a">Ceased in 1894.</subfield></datafield><datafield ind1="0" ind2=" " tag="362"><subfield code="a">Vol. 37, no. 1876 (Jan. 10, 1872)-</subfield></datafield><datafield ind1=" " ind2=" " tag="580"><subfield code="a">Daily eds.: Sun (New York, N.Y. : 1833), 1872-&lt;1894&gt;, and: Evening sun (New York, N.Y. : 1887), 1887-&lt;1894&gt;.</subfield></datafield><datafield ind1=" " ind2=" " tag="580"><subfield code="a">Semiweekly ed.: Semi-weekly sun (New York, N.Y.), &lt;1870-1873&gt;.</subfield></datafield><datafield ind1=" " ind2="0" tag="651"><subfield code="a">New York (N.Y.)</subfield><subfield code="v">Newspapers.</subfield></datafield><datafield ind1=" " ind2="0" tag="651"><subfield code="a">New York County (N.Y.)</subfield><subfield code="v">Newspapers.</subfield></datafield><datafield ind1=" " ind2="7" tag="655"><subfield code="a">Newspapers.</subfield><subfield code="2">fast</subfield><subfield code="0">(OCoLC)fst01423814</subfield></datafield><datafield ind1=" " ind2="7" tag="651"><subfield code="a">New York (State)</subfield><subfield code="z">New York.</subfield><subfield code="2">fast</subfield><subfield code="0">(OCoLC)fst01204333</subfield></datafield><datafield ind1=" " ind2="7" tag="651"><subfield code="a">New York (State)</subfield><subfield code="z">New York County.</subfield><subfield code="2">fast</subfield><subfield code="0">(OCoLC)fst01234953</subfield></datafield><datafield ind1="1" ind2=" " tag="700"><subfield code="a">Dana, Charles A.</subfield><subfield code="q">(Charles Anderson),</subfield><subfield code="d">1819-1897.</subfield></datafield><datafield ind1=" " ind2=" " tag="752"><subfield code="a">United States</subfield><subfield code="b">New York</subfield><subfield code="c">New York</subfield><subfield code="d">New York.</subfield></datafield><datafield ind1="1" ind2=" " tag="775"><subfield code="t">Sun (New York, N.Y. : 1833)</subfield><subfield code="x">1940-7831</subfield><subfield code="w">(DLC)sn 83030272</subfield><subfield code="w">(OCoLC)9406339</subfield></datafield><datafield ind1="1" ind2=" " tag="775"><subfield code="t">Evening sun (New York, N.Y. : 1887)</subfield><subfield code="w">(DLC)sn 83030428</subfield><subfield code="w">(OCoLC)9517696</subfield></datafield><datafield ind1="1" ind2=" " tag="775"><subfield code="t">Semi-weekly sun (New York, N.Y.)</subfield><subfield code="w">(DLC)sn 86082072</subfield><subfield code="w">(OCoLC)14989958</subfield></datafield><datafield ind1="0" ind2="0" tag="780"><subfield code="t">Dollar weekly sun (New York, N.Y.)</subfield><subfield code="w">(DLC)sn 99066041</subfield><subfield code="w">(OCoLC)42843110</subfield></datafield><datafield ind1=" " ind2=" " tag="938"><subfield code="a">Kirtas Technologies, Inc.</subfield><subfield code="b">KRTS</subfield><subfield code="n">739227</subfield></datafield></record>